@book{rustbook2021,
  title={The Rust Programming Language},
  author={Klabnik, Steve and Nichols, Carol},
  year={2021},
  publisher={No Starch Press}
}

@misc{rust-benchmark,
  author = {Techempower},
  title = {Web Framework Benchmarks},
  howpublished = {\href{https://www.techempower.com/benchmarks/#section=data-r21&test=composite&hw=ph}{Link Prueba}},
  year = {2022},
  month = {jul},
  day = {19}
  note = {Accedido: 10/04/2025},
}

@article{scrum-guide,
  author = {Schwaber, Ken and Sutherland, Jeff},
  title = {The 2020 Scrum Guide},
  year = {2020},
  journal = {Official online Scrum guide (scrumguides.org)},
  howpublished = {\href{https://www.scrumguides.org/scrum-guide.html}{Link}},
  note = {Accedido: 10/04/2025},
  url = {https://www.scrumguides.org/scrum-guide.html},
}

@article{rust-hexagonal-architecture,
  author = {How To Code It Ltd},
  title = {Master hexagonal architecture in Rust},
  year = {2024},
  month = {dec},
  day = {9},
  note = {Accedido: 06/04/2025},
  journal = {Take the pain out of scaling. This guide has everything you need to write flexible, future-proof Rust applications using hexagonal architecture.},
  howpublished = {\href{https://www.howtocodeit.com/articles/master-hexagonal-architecture-rust}{Link}},
}

@article{lynx-article,
    author = {Xuan Huang, Lynx Team},
    title = {Lynx: Unlock Native for More},
    journal = {Lynx Blog},
    year = {2025},
    month = {mar},
    note = {\href{https://lynxjs.org/blog/lynx-unlock-native-for-more.html}{Link}},
}

@article{lynx-native-modules,
    author = {Lynx-Team},
    title = {Native Modules},
    journal = {Lynx documentation},
    year = {2025},
    month = {mar},
    note = {Accedido en el \href{https://lynxjs.org/guide/use-native-modules#platform=android}{link} el 12/05/2025},
}
